<record><leader>00000cas a22000007a 4500</leader><controlfield tag="001">20117736</controlfield><controlfield tag="008">890803d19081911nduwr ne      0    0ger d</controlfield><datafield ind1=" " ind2=" " tag="010"><subfield code="a">sn 89074228 </subfield></datafield><datafield ind1=" " ind2=" " tag="040"><subfield code="a">NOP</subfield><subfield code="b">eng</subfield><subfield code="c">NOP</subfield><subfield code="d">OCLCQ</subfield></datafield><datafield ind1=" " ind2=" " tag="042"><subfield code="a">msc</subfield></datafield><datafield ind1="0" ind2=" " tag="130"><subfield code="a">Deutsche Zukunft (Dickinson, N.D.)</subfield></datafield><datafield ind1="1" ind2="4" tag="245"><subfield code="a">Die deutsche Zukunft.</subfield></datafield><datafield ind1=" " ind2=" " tag="260"><subfield code="a">Dickinson, Stark County, Nord Dakota :</subfield><subfield code="b">Jakob Ehli und Valentin Koch</subfield></datafield><datafield ind1=" " ind2=" " tag="300"><subfield code="a">v. :</subfield><subfield code="b">ill. ;</subfield><subfield code="c">55 cm.</subfield></datafield><datafield ind1=" " ind2=" " tag="310"><subfield code="a">Weekly,</subfield><subfield code="b">Mar. 1911-</subfield></datafield><datafield ind1=" " ind2=" " tag="321"><subfield code="a">2 nos. a week,</subfield><subfield code="b">May 1908-Feb. 1911</subfield></datafield><datafield ind1="0" ind2=" " tag="362"><subfield code="a">Jahrg. 1, no. 1 (8. Mai 1908)-</subfield></datafield><datafield ind1="1" ind2=" " tag="362"><subfield code="a">Ceased in 1911?</subfield></datafield><datafield ind1=" " ind2=" " tag="752"><subfield code="a">United States</subfield><subfield code="b">North Dakota</subfield><subfield code="c">Stark</subfield><subfield code="d">Dickinson.</subfield></datafield><datafield ind1="0" ind2="4" tag="785"><subfield code="t">Nord-Dakota Herold</subfield><subfield code="w">(DLC)sn 87096023</subfield></datafield></record>